@Book{AG00,
  author =       "Andreas Griewank",
  title =        "Evaluating Derivatives: Principles and Techniques of
                 Algorithmic Differentiation",
  publisher =    "SIAM",
  year =         "2000",
}

@InProceedings{AD2K-JA00,
  author =       "Jason Abate and Steve Benson and Lisa Grignon and Paul
                 D.~Hovland and Lois C. McInnes and Boyana Norris",
  editor =       "George Corliss and Christ{\`e}le Faure and Andreas
                 Griewank and Laurent Hasco{\"e}t and Uwe Naumann",
  year =         "2002",
  title =        "Integrating {AD} with Object-Oriented Toolkits for
                 High-performance Scientific Computing",
  booktitle =    "Automatic Differentiation: From Simulation to
                 Optimization",
  series =       "Computer and Information Science",
  number =       "",
  chapter =      "20",
  pages =        "173--178",
  note =         "",
  publisher =    "Springer",
  address =      "New York",
  key =          "Abate2001a",
}

@Article{ALD00,
  author =       "A. L. Dontchev and W. W. Hager and V. M. Veliov",
  title =        "Uniform convergence and mesh independence of
                 {N}ewton's method for discretized variational
                 problems",
  journal =      "SIAM J. Control Optim.",
  pages =        "961--980",
  volume =       "39",
  year =         "2000",
}

@TechReport{TAO-manual,
  author =       "Steve Benson and Lois Curfman McInnes and Jorge J.
                 Mor{\'e} and Jason Sarich",
  title =        "{TAO} {Users Manual}",
  number =       "ANL/MCS-TM-242 (Revision 1.4)",
  institution =  "Argonne National Laboratory",
  address =      "Argonne, Illinois",
  type =         "Technical Memorandum",
  year =         "2002",
}

@InCollection{REB01,
  author =       "R. E. Bank and P. E. Gill and R. F. Marcia",
  title =        "Interior point methods for a class of elliptic
                 variational inequalities",
  booktitle =    "High Performance Algorithms and Software for Nonlinear
                 Optimization",
  title =        "Assesing the potential of interior point methods for
                 nonlinear optimization",
  pages =        "218--235",
  editor =       "L. T. Biegler and O. Ghattas and M. Heinkenschloss and 
                  Van Bloemen Waanders, B.",
  publisher =    "Springer-Verlag",
  year =         "2003",
}

@Book{Corliss2001b,
  editor =       "George Corliss and Christ{\`e}le Faure and Andreas
                 Griewank and Laurent Hasco{\"e}t and Uwe Naumann",
  year =         "2001",
  title =        "Automatic Differentiation: From Simulation to
                 Optimization",
  series =       "Computer and Information Science",
  publisher =    "Springer",
  address =      "New York",
  key =          "Corliss2001b",
}

@InCollection{PH03,
  author =       "Paul Hovland and Steven Lee and Lois McInnes and 
                   Boyana Norris and Barry Smith",
  title =        "Challenges and opportunities in using automatic
                  differentiation with object-oriented toolkits
                  for scientific computing",
  booktitle =    "High Performance Algorithms and Software for Nonlinear
                 Optimization",
  title =        "Assesing the potential of interior point methods for
                 nonlinear optimization",
  pages =        "133--147",
  editor =       "L. T. Biegler and O. Ghattas and M. Heinkenschloss and 
                  Van Bloemen Waanders, B.",
  publisher =    "Springer-Verlag",
  year =         "2003",
}

@Book{RG84,
  author =       "R. Glowinski",
  publisher =    "Springer-Verlag",
  title =        "Numerical Methods for Nonlinear Variational Problems",
  year =         "1984",
}

@Book{Rodr87,
  author =       "Jos{\'e}-Francisco Rodrigues",
  title =        "Obstacle problems in mathematical physics",
  note =         "Notas de Matem\'atica [Mathematical Notes], 114",
  publisher =    "North-Holland Publishing Co.",
  address =      "Amsterdam",
  year =         "1987",
  pages =        "xvi+352",
  ISBN =         "0-444-70187-7",
  MRclass =      "35-02 (35J85 35R35 49A29)",
  MRnumber =     "88d:35006",
  mrreviewer =   "Maurizio Chicco",
}

@Article{ADIC,
  author =       "Christian Bischof and Lucas Roh and Andrew Mauer",
  title =        "{ADIC}: An Extensible Automatic Differentiation Tool
                 for {ANSI-C}",
  pages =        "1427--1456",
  year =         "1997",
  number =       "12",
  volume =       "27",
  journal =      "Software --- Practice and Experience",
}

@TechReport{PETSc-manual,
  author =       "Satish Balay and William D. Gropp and Lois Curfman
                 McInnes and Barry F. Smith",
  title =        "{PETSc} 2.0 {Users Manual}",
  number =       "ANL-95/11 - Revision 2.0.22",
  institution =  "Argonne National Laboratory",
  address =      "Argonne, Illinois",
  type =         "Report",
  year =         "1998",
}

@Article{CJL99a,
  author =       "Chih-Jen Lin and Jorge J. Mor\'e",
  journal =      "SIAM J. Sci. Comput.",
  pages =        "24--45",
  title =        "Incomplete {C}holesky factorizations with limited
                 memory",
  volume =       "21",
  year =         "1999",
}

@Article{CJL99,
  author =       "Chih-Jen Lin and Jorge J. Mor\'e",
  journal =      "SIAM J. Optim.",
  pages =        "1100--1127",
  title =        "Newton's method for large bound-constrained
                 optimization problems",
  volume =       "9",
  year =         "1999",
}

@Article{SB99,
  author =       "Steve Benson and Lois Curfman McInnes and Jorge J.
                 Mor\'e",
  title =        "A case study in the performance and
                 scalability of optimization algorithms",
  journal =      "{ACM} Transactions on Mathematical Software",
  volume =       "27",
  year =         "2001",
  pages =        "361--376",
}

@Misc{tron-home,
  key =          "{TRON}",
  title =        "{TRON}",
  note =         "See \url{www.mcs.anl.gov/~more/tron}",
}

@Misc{tao-home,
  key =          "{TAO}",
  title =        "{TAO}",
  note =         "See \url{www.mcs.anl.gov/tao}",
}

@Misc{adic-home,
  key =          "ADIC",
title =          "{ADIC}",
  note =         "See \url{www.mcs.anl.gov/adic}",
}

@Misc{petsc-home,
  key =          "PETSc",
title =          "{PETSc}",
  note =         "See \url{www.mcs.anl.gov/petsc}",
}

@article{Curtis1974OtE,
     author = "A. R. Curtis and Michael J. D. Powell and John K. Reid",
     month = "",
     year = 1974,
     title = "On the Estimation of Sparse {J}acobian Matrices",
     journal = "J. Inst. Math. Appl.",
     volume = 13,
     number = "",
     pages = "117--119",
     key = "Curtis1974OtE",
     abstract = "",
     comment = "",
     keywords = "",
     referred = "[Coleman1996SaE], [Geitner1996ACo], [Hossain2001RtN], 
[Griewank2001VJS]."
}
