% <center><h3>Papers</h3></center>

@Proceedings{mao,
  author =       "S. J. Benson and L. Curfman McInnes and J. J.
                 Mor\'{e} and J. Sarich",
  title = "Scalable Algorithms in Optimization: Computational
Experiments",
  Organization="AIAA Multidisciplinary Analysis and Optimization
Conference",
  address="Albany, NY"
  month=Aug,
  date=31,
  year =2004,
}


@TechReport{mao,
  author =       "{S. J. Benson and L. Curfman McInnes and J. J.
                 Mor\'{e} and J. Sarich}",
  title = "Scalable Algorithms in Optimization: Computational 
Experiments",
  number=" ANL/MCS-P1175-0604",
  institution =  "Mathematics and Computer Science Division, Argonne
                 National Laboratory",
  year =2004,

}  


@Article{chemistry,
    author="J. P. Kenny and S. J. Benson and Y. Alexeev and J. Sarich and 
C. L. Janssen and L. Curfman McInnes 
            and M. Krishnan and J. Nieplocha and E. Jurrus and C. 
Fahlstrom and T. L. Windus",
    title="Component-Based Integration of Chemistry and Optimization 
Software",
    journal="Journal of Computational Chemistry",
    volume=25,
    number=14,
    pages=1717-1725,
    year=2004,
  institution =  "Mathematics and Computer Science Division, Argonne
                 National Laboratory",
    month=apr,
    location ="ftp://info.mcs.anl.gov/pub/tech_reports/reports/P1148.pdf",
    keywords="CCA, CCTTSS, ANL,SNL,PNL",
}

@TechReport{tao-ga,
  author="S. J. Benson and M. Krishnan and L. McInness and J. Nieplocha 
and J. Sarich",
  title="Using the {GA} and {TAO} for Solving Large-Scale Optimization 
Problems on Parallel Computers",
  number="Preprint ANL/MCS-P1084-0903", 
  institution =  "Mathematics and Computer Science Division, Argonne
                 National Laboratory",
  year=2003,
  location ="ftp://info.mcs.anl.gov/pub/tech_reports/reports/P1084.pdf",
}

@TechReport{complementarity,
  author= "S. J. Benson and T. S. Munson",
  title="Flexible Complementarity Solvers for Large-Scale Applications",
  institution =  "Mathematics and Computer Science Division, Argonne
                 National Laboratory",
  number="ANL/MCS-P1055-0603", 
  year=2003,
  location ="ftp://info.mcs.anl.gov/pub/tech_reports/reports/P1055.pdf",
}

@inbook{adi,
  author = "Jason Abate and Steven J. Benson and Lisa Grignon and Paul 
Hovland and Lois McInnes and Boyana Norris",
  title = "Integrating Automatic Differentiation with Object-Oriented 
Toolkits for High-Performance Scientific Computing", 
  editors = "George Corliss and Christ\'{e}le Faure and Andreas Griewank 
and Laurent Hascoe\'{e}t and Uwe Naumann",
  booktitle ="Automatic Differentiation of Algorithms: From Simulation to 
Optimization", 
  pages   = "173-178",
  publisher = "Springer",
  address = "New York",
  year = "2002",
} 


@article{cca,
  author = "B. Norris and S. Balay and S. J. Benson and L.  Freitag and P. 
Hovland and L. C. McInnes and B. Smith", 
  title = "Parallel Components for {PDE}s and Optimization: Some Issues 
and Experiences",
  institution =  "Mathematics and Computer Science Division, Argonne 
National Laboratory",
  journal = "Parallel Computing",
  volume = 28,
  number = 12,
  pages = "1811-1831",
  year = "2002",
}

@TechReport{ benson00gpcg,
    author = "S. J. Benson and L. Curfman McInnes and J. J.  Mor\'{e}",
    title = "{GPCG}: {A} case study in the performance and scalability of optimization algorithms",
    number = "ANL/MCS-P768-0799",
    address = "Argonne, IL",
    year = "2000",
    url = "citeseer.ist.psu.edu/benson99gpcg.html" ,
}

%
% <center><h3>Talks</h3></center>
%

@proceedings{acts-04,
title="{TAO}: Toolkit for Advanced Optimization",
organization="{NERSC} Workshop for Graduate Students: How can {ACTS} work
for you?",
month=Aug,
date=25,
year=2004,
}
@proceedings{informs-04b,
title="Multigrid Methods in Optimization: Computational Experiments",
organization="{INFORMS} Annual Conference",
month=Oct,
data=26,
year=2004,
address="Denver, CO",
}

@proceedings{aiaa-04a,
title="Panel: Ubiquitous and Massively Parallel Computing",
Organization="{AIAA} Multidisciplinary Analysis and Optimization
Conference",
address="Albany, NY"
month=Aug,
date=30,
year=2004,
}
@proceedings{ima-03,
title="{TAO}: An Optimization Toolkit for Large-Scale Applications",
organization="Institute for Mathematics and its Applications,
Workshop on Optimization in Simulation Based Models",
address="Minneapolis, MN",
month=jan,
date=16,
year=2003,
}


@proceedings{siam-opt-02b,
title="A Limited Memory {BFGS} Method for Bound Constrained Optimization",
organization="{SIAM} Proceedings on Optimization",
address="Toronto, Canada",
month=May,
date=20,
year=2002,
}


@miscellaneous{coppermt00,
  Author = "Jorge Mor\'e",
  Title = "TAO - Toolkit for Advanced Optimization",
  url = "./CopperMountain/index.html",
  Month = May,
  Year = "2000"
  Note="Sixth Copper Mountain Conference",
}

@miscellaneous{siamcse00,
  Author = "Steve Benson",
  Title = "Parallel Software for Large-Scale Optimization",
  url="./siamcse300/index.html",
  Month = Oct,
  Year = "2000",
  Note = "SIAM CSE Conference",
}


