%     <H2><center>Research and Publications that make use of TAO</center></H2>

@article{kazama05maximum,
    author = {J. Kazama and J. Tsujii},
    title = "Maximum Entropy Models with Inequality Constraints: A Case Study on Text Categorization",
    journal = "Machine Learning",
    year={2005}
    volume = "60",
    number = "1-3",
    pages = "159--194",
}

@article{naumoann2005differentiation,
    author = {U. Naumann and J. Riehme},
    title = "A Differentiation-Enabled Fortran 95 Compiler",
    journal = "ACM Tr. on Mat. Soft.",
    volume = "31",
    number = "4",
    month = {Dec},
    year = "2005",
    url={http://www.stce.rwth-aachen.de/classes/AMSNP/papers/compad_tl.pdf},
}

@InProceedings{smith2005guiding,
  author = {Noah A. Smith and Jason Eisner},
  title = "Guiding Unsupervised Grammar Induction Using Contrastive Estimation",
  booktitle = {In Working Notes of the International Joint Conference on Artificial Intelligence},
  year = {2005},
  note = {Workshop on Grammatical Inference Applications},
  url={http://nlp.cs.jhu.edu/%7Enasmith/ijcai_gia_2005.pdf},
}

@InProceedings{smith2005contrastive,
  author = {Noah A. Smith and Jason Eisner},
  title = "Contrastive Estimation: Training Log-Linear Models on Unlabeled Data",
  booktitle = {Proceedings of the Association for Computational Linguistics},
  year = {2005},
  url={http://nlp.cs.jhu.edu/%7Enasmith/ce_acl05.pdf},
}

@InProceedings{smith2005context,
  author = {Noah A. Smith, David A. Smith, and Roy W. Tromble},
  title = "Context-Based Morphological Disambiguation with Random Fields",
  booktitle={Proceedings of the Conference on Human Language Technology
and Empirical Methods in Natural Language Processing},
  year={2005},
  url={http://nlp.cs.jhu.edu/%7Enasmith/sst_emnlp_2005.pdf},
}

@misc{negrutFEopt2005,
  author = {Dan Negrut and Mihai Anitescu},
  title = "DFT-Based Nanostructure Investigation",
  address = "Argonne, Illinois, USA",
  institution = "Argonne National Laboratory",
  url={http://www-unix.mcs.anl.gov/%7Enano/htm/simulations.htm}
}

@InProceedings{bobenko05willmore,
   author = {A.I. Bobenko and P. Schr\"oder},
   title = "Discrete Willmore Flow",
   booktitle =  {Eurographics Symposium on Geometry Processing},
   year = {2005}
   editor = {M. Desbrun and  H. Pottmann},
   url = {http://multires.caltech.edu/pubs/Willmore.pdf}
}

@InProceedings{friedel05unconstrained,
  author = {I. friedel and P. Schr\"oder and M. Desbrun},
  title = "Unconstrained Spherical Parameterizations",
  booktitle = {ACM/SIGGRAPH},
  year = {2005},
  url = {http://multires.caltech.edu/pubs/SParam_JGT.pdf},
}

@InProceedings{charniak-johnson:2005:ACL,
  author    = {E. Charniak and  M. Johnson},
  title     = {Coarse-to-Fine n-Best Parsing and MaxEnt Discriminative Reranking},
  booktitle = {Proc. of the 43rd Annual Meeting of the Association for Computational Linguistics (ACL'05)},
  month     = {June},
  year      = {2005},
  publisher = {Association for Computational Linguistics},
  pages     = {173--180},
  url       = {http://www.aclweb.org/anthology/P/P05/P05-1022},
  note={<a href="http://www.cog.brown.edu/%7Emj">Software for Maximum Entropy Discriminative reranking for computational linguistics</a>},

}


@InProceedings{roark2004acl,
  author    = {B. Roark and M. Saraclar and M. Collins and M. Johnson}
  title     = {Discriminative language modeling with conditional random fields and the perceptron algorithm},
  booktitle = {Proceedings of the 42nd Annual Meeting of the Association for Computational Linguistics (ACL'04)},
  month     = {July},
  year      = {2004},
  publisher = {Association for Computational Linguistics},
  url       = {http://acl.ldc.upenn.edu/acl2004/main/pdf/320_pdf_2-col.pdf}
}

@InProceedings{bernholdt2004raising,
  author = {D. Bernholdt and J. Nieplocha and P. Sadayappan},
  title = {Raising the Level of Programming Abstraction in Scalable 
           Programming Models}, 
  booktitle = {Proceedings of the HPCA Workshop on Productivity 
           and Performance in High-End Computing},
  year = {2004},
  publisher = {IEEE Computer Society},
  url = {http://www.emsl.pnl.gov/docs/global/papers/pphec-tce-xga-final.pdf}
}

@article{bodoff04relevance,
     author = {D. Bodoff},
     title = "Relevance Models to Help Estimate Document and Query Models", 
     journal = "ACM Transactions on Information Systems",
     volume = {22},
     issue = {3},
     month = {July},
     year= {2004},
     pages = {357 - 380},  
}

@InProceedings{smith2004bilingual,
  author = {David A. Smith and Noah A. Smith},
  title = "Bilingual Parsing with Factored Estimation: Using English to Parse Korean},
  booktitle={Proceedings of the Conference on Empirical Methods in Natural Language Processing},
  year={2004},
  pages = {49--54},
  url={http://nlp.cs.jhu.edu/%7Enasmith/biparse.pdf},
}

@InProceedings{malouf2004wide,
  author    = {R. Malouf and G. van Noord},
  title     = {Wide Coverage Parsing with Stochastic Attribute Value Grammars},
  booktitle = {IJCNLP-04 Workshop: Beyond shallow analyses - Formalisms and statistical modeling for deep analyses.},
  month     = {March},
  year      = {2004},
  publisher = {JST CREST},
  url       = {http://www-tsujii.is.s.u-tokyo.ac.jp/bsa/papers/malouf.pdf},
}

@article{kazama03evaluation,
    author = {J. Kazama and J. Tsujii},
    title = "Evaluation and extension of maximum entropy 
             models with inequality constraints",
    journal = "Proceedings of the 2002 Empirical Methods in
               Natural Language Processing",
    pages = "137--144",
    year = "2003",
    url= {http://www-tsujii.is.s.u-tokyo.ac.jp/%7Ekazama/papers/kazama_emnlp03r.pdf}
}

@mastersthesis{dajani2003,
   author = {Hala Dajani},
   title = "Client-Server Component Architecture for Scientific 
            Computing",
   school = "Rice University",
   year = {2003},
   url={http://www.caam.rice.edu/caam/trs/2003/TR03-07.pdf}
}
@article{scholz03scalable,
    author = {W. Scholz and J. Fidler and T. Schrefl and
              D. Suess and R. Dittrich and H. Forster and V. Tsiantos},
    title = "Scalable parallel micromagnetic solvers for magnetic
             nanostructures",
    journal = "Comp. Mat. Sci.",
    year = {2003},
    pages = "366--383",
    volume = 28,
    url={http://magnet.atp.tuwien.ac.at/scholz/projects/diss/diss.pdf},
    note={<a href="http://magnet.atp.tuwien.ac.at/scholz/magpar">Parallel Finite Element Micromagnetics Package (magpar)</a>},
} 

@article{liang03optimization,
    author = {J. Liang and Y.-Q. Chen},
    title="Optimization of A fed-batch fermentation process control 
           competition problem using the NEOS server",
    journal = "Proceedings - Institution of Mechanical Engineers Part I Journal of Systems and Control Engineering",
    year = 2003,
    volume = 217; Part 5,
    pages = "427--432",
    url = {http://www.csois.usu.edu/publications/pdf/pub104.pdf}
}

@article{scholz03implementation,
    author = {W. Scholz and D. Suess and R. Dittrich and T. Schrefl and
              V. Tsiantos and H. Forster and J. Fidler},
    title = "Implementation of a high performance parallel
             finite element micromagnetics package",
    journal 	= 	"J. Magn. Magn. Mater.",
    year 	= 	2004,
    url = {http://magnet.atp.tuwien.ac.at/scholz/projects/papers/preprint/scholz/icm2003/scholz_petsc.pdf}
    
}

@article{liang03solving,
   author = {J. Liang and Y.-Q. Chen an M. Meng and R. Fullmer},
   title = "Solving tough optimal control problems by Network Enabled Optimization Server (NEOS)",
   journal = "Proc. of the 2003 IEEE Intelligent Automation Conference"
   year = 2003,
   url = {http://mechatronics.ece.usu.edu/yqchen/paper/03C15_IEEE_CIAC2003_IAC-M24.pdf}
}

@misc{wiang03cgmethods,
    author = {J. Wang and X. Chi and T. Gu},
    title = "Nonlinear Conjugate Gradient Methods and Their Implementations by TAO on Dawning 2000-II",
    note = "In Inter. Conf. on Parallel Algorithms and Computing Environments (ICPACE) 2003",
    url = {http://www.sccas.cn/ICPACE/papers/Jian%20Wang.pdf}
}  



@article{bischof2003interactive,
  author = {C. Bischof and H. Busker and B. Lang and A. Rasch},
  title = {An interactive environment for supporting the transition from simulation to optimization},
  journal = {Sci. Prog.},
  volume = {4},
  year = {2003},
  pages = {263--272},
  url={http://www.iospress.nl/html/10589244.php},
}

@mastersthesis{wallach2002,
  author = {Hanna Wallach},
  title = "Efficient Training of Conditional Random Fields",
  school = "University of Edinburgh",
  year = "2002",
  url={http://www.inference.phy.cam.ac.uk/hmw26/publications.html}
}


@misc{yabusaki02mechanistic,
     author = {S. Yabusaki and S. Bryant and S. Chen and G. Fann and G. Flach and W. Gray and J. Holland and K. Jordan and R. Maier and J. Malard and D. Rector and W. Soll and C. Steefel and A. Tompson and H. Trease and M. Wheeler and B. Wood},
     title = "Mechanistic Process Modeling for Subsurface Remediation",
     month="August",
     year="2002",
     note = "PNNL-14011, Published by Pacific Northwest National Laboratory for the Environmental Molecular Sciences Laboratory",
     url = {http://www.pnl.gov/main/publications/external/technical_reports/pnnl-14011.pdf},
}



@Book{sourcebook2002,
  editor ={J. Dongarra and I. Foster and G. Fox and W.
                  Gropp and K. Kennedy and L. Torczon and A. White},
  title="The Sourcebook of Parallel Computing",
  series="The Morgan Kaufmann Series in Computer Architecture and Design",
  publisher="Elsevier",
  month="November",
  year="2002",
  page="842",
  url={http://books.elsevier.com/computerscience/default.asp?isbn=1558608710},
}

@InProceedings{malouf02comparison,
  author = {Robert Malouf},
  title = "A comparison of algorithms for maximum entropy parameter 
         estimation",
  booktitle = "In Sixth Conf. on Natural Language Learning"
  pages = "49--55",
  year={2002},
  url={http://cnts.ua.ac.be/conll2002/abstracts/04955mal.html}
}

@article{malard02parallel,
    author = {J. Malard},
    title = "Parallel restricted maximum likelihood estimation for linear 
    models with a dense exogenous matrix",
    journal = "Parallel Computing",
    volume = "28",
    number = "2",
    pages = "343--353",
    year = "2002",
    url = {http://csm.pnl.gov/statistics/dll/pml.html}
    note="<a href="http://csm.pnl.gov/statistics/dll/pml.html">ACRE software package for maximum likelihood estimates of covariance matrices</a>",
}


@misc{Noord02algorithms,
    author = {L. v. d. Beek and G. Bouma and J. Daciuk and T. Gaustad and R. Malouf and G. v. Noord and R. Prins and B. Villada},
    title = "Algorithms for Linguistic Processing. NWO PIONIER Progress Report.",
    year = "2002",
    url = {http://odur.let.rug.nl/%7Evannoord/alp/midterm.ps}
}








